<record><leader>00000cas a2200000 a 4500</leader><controlfield tag="001">2259302</controlfield><controlfield tag="008">760620d18401861pauwr ne      0   a0eng  </controlfield><datafield ind1=" " ind2=" " tag="010"><subfield code="a">sn 89099999 </subfield><subfield code="z">ca 08002795 </subfield></datafield><datafield ind1=" " ind2=" " tag="040"><subfield code="a">DLC</subfield><subfield code="b">eng</subfield><subfield code="c">PIT</subfield><subfield code="d">PIT</subfield><subfield code="d">MUL</subfield><subfield code="d">NPH</subfield><subfield code="d">NPX</subfield><subfield code="d">NPH</subfield><subfield code="d">DLC</subfield><subfield code="d">CNK</subfield><subfield code="d">NVK</subfield><subfield code="d">DLC</subfield><subfield code="d">OCL</subfield><subfield code="d">OCLCG</subfield><subfield code="d">GUA</subfield><subfield code="d">DLC</subfield><subfield code="d">OCLCA</subfield><subfield code="d">OCLCF</subfield><subfield code="d">OCLCO</subfield></datafield><datafield ind1="0" ind2=" " tag="022"><subfield code="a">2158-0251</subfield><subfield code="2">1</subfield></datafield><datafield ind1="1" ind2=" " tag="029"><subfield code="a">AU@</subfield><subfield code="b">000006406442</subfield></datafield><datafield ind1=" " ind2=" " tag="042"><subfield code="a">msc</subfield><subfield code="a">nsdp</subfield></datafield><datafield ind1="1" ind2="0" tag="050"><subfield code="a">ISSN RECORD</subfield></datafield><datafield ind1=" " ind2="4" tag="050"><subfield code="a">BX8901</subfield><subfield code="b">.C55</subfield></datafield><datafield ind1="0" ind2=" " tag="130"><subfield code="a">Christian observer (Philadelphia, Pa.)</subfield></datafield><datafield ind1=" " ind2="4" tag="222"><subfield code="a">The Christian observer</subfield><subfield code="b">(Philadelphia, Pa.)</subfield></datafield><datafield ind1="1" ind2="4" tag="245"><subfield code="a">The Christian observer.</subfield></datafield><datafield ind1="1" ind2="7" tag="246"><subfield code="a">Christian observer and Presbyterian witness</subfield><subfield code="f">Nov. 29, 1860-&lt;Dec. 27, 1860&gt;</subfield></datafield><datafield ind1=" " ind2=" " tag="260"><subfield code="a">Philadelphia [Pa.] :</subfield><subfield code="b">A. Converse,</subfield><subfield code="c">1840-1861.</subfield></datafield><datafield ind1=" " ind2=" " tag="300"><subfield code="a">v. ;</subfield><subfield code="c">42-71 cm.</subfield></datafield><datafield ind1=" " ind2=" " tag="310"><subfield code="a">Weekly</subfield></datafield><datafield ind1="0" ind2=" " tag="362"><subfield code="a">Vol. 19, no. 1 (Jan. 2, 1840)-v. 40, no. 35 (Oct. 24, 1861).</subfield></datafield><datafield ind1=" " ind2=" " tag="500"><subfield code="a">Imprint varies: Published simultaneously in Philadelphia, Pa. and Richmond, Va. (Jan. 3-Aug. 22, 1861) ; and in Philadelphia, Pa. (Oct. 24, 1861).</subfield></datafield><datafield ind1=" " ind2=" " tag="500"><subfield code="a">Editors: Amasa Converse (with Francis Bartlett, Nov. 26, 1841-Nov. 11, 1842; George Duffield, Jr., Jan.-Dec. 1853; F.B. Converse, &lt;1858&gt;.</subfield></datafield><datafield ind1=" " ind2=" " tag="515"><subfield code="a">Vol. 19, no. 1 (Jan. 2, 1840)-v. 34, no. 52 (Dec. 29, 1855)=new ser. no. 1-828.</subfield></datafield><datafield ind1=" " ind2=" " tag="515"><subfield code="a">No issues published in Philadelphia, Pa. (Aug. 29-Oct. 17, 1861).</subfield></datafield><datafield ind1=" " ind2=" " tag="530"><subfield code="a">Microfilm available from UMI (Early American Periodical Series, 1800-1850, reels 1888-1893).</subfield></datafield><datafield ind1=" " ind2="0" tag="650"><subfield code="a">Presbyterian Church</subfield><subfield code="z">Pennsylvania</subfield><subfield code="v">Newspapers.</subfield></datafield><datafield ind1=" " ind2="0" tag="650"><subfield code="a">Presbyterians</subfield><subfield code="z">United States</subfield><subfield code="v">Newspapers.</subfield></datafield><datafield ind1=" " ind2="0" tag="650"><subfield code="a">Presbyterian Church</subfield><subfield code="z">Virginia</subfield><subfield code="v">Newspapers.</subfield></datafield><datafield ind1=" " ind2="0" tag="651"><subfield code="a">Philadelphia (Pa.)</subfield><subfield code="v">Newspapers.</subfield></datafield><datafield ind1=" " ind2="7" tag="655"><subfield code="a">Newspapers.</subfield><subfield code="2">fast</subfield><subfield code="0">(OCoLC)fst01423814</subfield></datafield><datafield ind1=" " ind2="7" tag="650"><subfield code="a">Presbyterian Church.</subfield><subfield code="2">fast</subfield><subfield code="0">(OCoLC)fst01075515</subfield></datafield><datafield ind1=" " ind2="7" tag="650"><subfield code="a">Presbyterians.</subfield><subfield code="2">fast</subfield><subfield code="0">(OCoLC)fst01075567</subfield></datafield><datafield ind1=" " ind2="7" tag="651"><subfield code="a">Pennsylvania.</subfield><subfield code="2">fast</subfield><subfield code="0">(OCoLC)fst01204598</subfield></datafield><datafield ind1=" " ind2="7" tag="651"><subfield code="a">Pennsylvania</subfield><subfield code="z">Philadelphia.</subfield><subfield code="2">fast</subfield><subfield code="0">(OCoLC)fst01204170</subfield></datafield><datafield ind1=" " ind2="7" tag="651"><subfield code="a">United States.</subfield><subfield code="2">fast</subfield><subfield code="0">(OCoLC)fst01204155</subfield></datafield><datafield ind1=" " ind2="7" tag="651"><subfield code="a">Virginia.</subfield><subfield code="2">fast</subfield><subfield code="0">(OCoLC)fst01204597</subfield></datafield><datafield ind1="1" ind2=" " tag="700"><subfield code="a">Converse, A.</subfield><subfield code="q">(Amasa),</subfield><subfield code="d">1795-1872.</subfield></datafield><datafield ind1="1" ind2=" " tag="700"><subfield code="a">Bartlett, Francis.</subfield></datafield><datafield ind1="1" ind2=" " tag="700"><subfield code="a">Duffield, George,</subfield><subfield code="d">1818-1888.</subfield></datafield><datafield ind1="1" ind2=" " tag="700"><subfield code="a">Converse, F. B.</subfield><subfield code="q">(Francis Bartlett),</subfield><subfield code="d">1836-1907.</subfield></datafield><datafield ind1=" " ind2=" " tag="752"><subfield code="a">United States</subfield><subfield code="b">Pennsylvania</subfield><subfield code="c">Philadelphia</subfield><subfield code="d">Philadelphia.</subfield></datafield><datafield ind1=" " ind2=" " tag="752"><subfield code="a">United States</subfield><subfield code="b">Virginia</subfield><subfield code="d">Richmond.</subfield></datafield><datafield ind1="0" ind2="8" tag="776"><subfield code="i">Online version:</subfield><subfield code="t">Christian observer (Philadelphia, Pa. : Online)</subfield><subfield code="w">(DLC)  2009233231</subfield><subfield code="w">(OCoLC)70832653</subfield></datafield><datafield ind1="0" ind2="8" tag="776"><subfield code="i">Microfilm version:</subfield><subfield code="t">Christian observer (Philadelphia, Pa.)</subfield><subfield code="w">(DLC)sf 88092063</subfield><subfield code="w">(OCoLC)6734041</subfield></datafield><datafield ind1="0" ind2="0" tag="780"><subfield code="t">Religious telegraph and observer</subfield><subfield code="w">(DLC)sn 88084206</subfield></datafield><datafield ind1="0" ind2="5" tag="780"><subfield code="t">Presbyterian sentinel</subfield></datafield><datafield ind1="0" ind2="5" tag="780"><subfield code="t">Southern Christian sentinel</subfield></datafield><datafield ind1="0" ind2="5" tag="780"><subfield code="t">Presbyterian witness</subfield></datafield><datafield ind1="0" ind2="0" tag="785"><subfield code="t">Christian observer (Richmond, Va.)</subfield><subfield code="x">2158-0278</subfield><subfield code="w">(DLC)sn 93052705</subfield><subfield code="w">(OCoLC)13775489</subfield></datafield><datafield ind1="4" ind2="1" tag="856"><subfield code="u">http://proquest.umi.com/pqdweb?RQT=318&amp;VName=HNP&amp;pmid=000041835&amp;PageNum=1&amp;TS=1237214063&amp;clientId=30345</subfield></datafield></record>